@misc{bitkeeper,
  title   = {Kernel SCM Saga..},
  author  = {Linus Torvalds},
  year    = {2005-04-06T15:42:08Z},
  url     = {https://marc.info/?l=linux-kernel&m=111280216717070&w=4},
}

@misc{content-addressable-storage,
  author = "Wikipedia",
  title = "{Content-addressable storage} --- {W}ikipedia{,} The Free Encyclopedia",
  year = "2025",
  howpublished = {\url{http://en.wikipedia.org/w/index.php?title=Content-addressable\%20storage&oldid=1278933980}},
  note = "[Online; accessed 07-May-2025]"
}

@manual{cvs-reserved-checkout,
  title   = {CVS locks in the repository},
  author  = {Dick Grune and others},
  version = {1.12.12},
  year    = {2006-04-17},
  url     = {http://cvsman.com/cvs-1.12.12/cvs_84.php},
}

@manual{githooks,
  title   = {githooks(5)},
  author  = {Junio Hamano and Shawn Pearce and Linus Torvalds and others},
  version = {2.47.2},
  year    = {2024-12-19},
  url     = {https://git-scm.com/docs/githooks/2.47.2},
}

@misc{git-popularity,
  title   = {Stack Overflow Developer Survey},
  year    = {2022},
  url     = {https://survey.stackoverflow.co/2022/#version-control-version-control-system},
}

@manual{git-references,
  title   = {Git Internals - Git References},
  author  = {Scott Chacon and Ben Straub and others},
  version = {2.1.447},
  year    = {2025-04-10},
  url     = {https://git-scm.com/book/en/v2/Git-Internals-Git-References},
}

@misc{git-sha1-then-zlib,
  title   = {Do SHA1 hash \_before\_ compression.},
  author  = {Linus Torvalds},
  year    = {2005-04-20T08:10:46Z},
  url     = {https://github.com/git/git/commit/d98b46f8d9a3daf965a39f8c0089c1401e0081ee},
}

@manual{hash-function-transition,
  title   = {hash-function-transition},
  author  = {Jonathan Nieder and others},
  version = {2.47.2},
  year    = {2024-12-19},
  url     = {https://git-scm.com/docs/hash-function-transition/2.47.2},
}

@manual{inode,
  title        = {inode(7)},
  author       = {The Linux man-pages project},
  organization = {Linux Foundation},
  year         = {2024-09-01},
}

% http://en.wikipedia.org/w/index.php?title=Merkle%20tree&oldid=1278568294
@patent{merkle,
  author = {Ralph Merkle},
  title = {Method of providing digital signatures},
  nationality = {United States},
  number = {4309569},
  day = {5},
  month = {Jan},
  year = {1982},
  url = {https://patents.google.com/patent/US4309569},
}

@manual{plumbing,
  title   = {Git Internals - Plumbing and Porcelain},
  author  = {Scott Chacon and Ben Straub and others},
  version = {2.1.447},
  year    = {2025-04-10},
  url     = {https://git-scm.com/book/en/v2/Git-Internals-Plumbing-and-Porcelain},
}

@misc{no-readdir,
  title  = {Re: Kernel SCM saga..},
  author = {Linus Torvalds},
  year   = {2005-04-08T18:14:11Z},
  url    = {https://marc.info/?l=linux-kernel&m=111298414006309&w=2},
}

@misc{rsync,
  title   = {Re: Kernel SCM Saga..},
  author  = {Linus Torvalds},
  year    = {2005-04-08T15:50:21Z},
  url     = {https://marc.info/?l=linux-kernel&m=111297551321018&w=2},
}

@manual{symlink,
  title        = {symlink(7)},
  author       = {The Linux man-pages project},
  organization = {Linux Foundation},
  year         = {2024-05-02},
}

@misc{track-directory-trees,
  title  = {Re: Kernel SCM saga..},
  author = {Linus Torvalds},
  year   = {2005-04-08T04:42:04Z},
  url    = {https://marc.info/?l=linux-kernel&m=111293537202443&w=2},
}

@misc{sha1,
    series =    {Request for Comments},
    number =    3174,
    howpublished =  {RFC 3174},
    publisher = {RFC Editor},
    doi =       {10.17487/RFC3174},
    url =       {https://www.rfc-editor.org/info/rfc3174},
    author =    {Donald E. Eastlake 3rd and Paul Jones},
    title =     {{US Secure Hash Algorithm 1 (SHA1)}},
    pagetotal = 22,
    year =      2001,
    month =     sep,
    abstract =  {The purpose of this document is to make the SHA-1 (Secure Hash Algorithm 1) hash algorithm conveniently available to the Internet community. This memo provides information for the Internet community.},
}

% Datatracker information for RFCs on the Legacy Stream is unfortunately often
% incorrect. Please correct the bibtex below based on the information in the
% actual RFC at https://rfc-editor.org/rfc/rfc1951.txt

@misc{zlib,
    series =    {Request for Comments},
    number =    1951,
    howpublished =  {RFC 1951},
    publisher = {RFC Editor},
    doi =       {10.17487/RFC1951},
    url =       {https://www.rfc-editor.org/info/rfc1951},
    author =    {L. Peter Deutsch},
    title =     {{DEFLATE Compressed Data Format Specification version 1.3}},
    pagetotal = 17,
    year =      1996,
    month =     may,
    abstract =  {This specification defines a lossless compressed data format that compresses data using a combination of the LZ77 algorithm and Huffman coding, with efficiency comparable to the best currently available general-purpose compression methods. This memo provides information for the Internet community. This memo does not specify an Internet standard of any kind.},
}
